<?xml version="1.0" encoding="UTF-8"?><record xmlns="http://www.loc.gov/MARC21/slim" xmlns:cinclude="http://apache.org/cocoon/include/1.0" xmlns:zs="http://www.loc.gov/zing/srw/">
  <leader>00481cz  a2200145n  4500</leader>
  <controlfield tag="001">nr 88001268 </controlfield>
  <controlfield tag="003">DLC</controlfield>
  <controlfield tag="005">20141210064623.0</controlfield>
  <controlfield tag="008">880229n| azannaab           |a aaa     c</controlfield>
  <datafield tag="010" ind1=" " ind2=" ">
    <subfield code="a">nr 88001268 </subfield>
  </datafield>
  <datafield tag="040" ind1=" " ind2=" ">
    <subfield code="a">NjP</subfield>
    <subfield code="b">eng</subfield>
    <subfield code="e">rda</subfield>
    <subfield code="c">NjP</subfield>
    <subfield code="d">DLC</subfield>
  </datafield>
  <datafield tag="100" ind1="1" ind2=" ">
    <subfield code="a">De Filippo, Luigi</subfield>
  </datafield>
  <datafield tag="400" ind1="1" ind2="0">
    <subfield code="a">Filippo, Luigi de</subfield>
  </datafield>
  <datafield tag="670" ind1=" " ind2=" ">
    <subfield code="a">Buffo napoletano, 1986:</subfield>
    <subfield code="b">t.p. (Luigi De Filippo)</subfield>
  </datafield>
  <datafield tag="670" ind1=" " ind2=" ">
    <subfield code="a">La fortuna di nascere a Napoli, c1997:</subfield>
    <subfield code="b">t.p. (Luigi Di Filippo) flap (b. Naples 1930; actor, director, playwrite)</subfield>
  </datafield>
</record>